@book{latex,
    title = {LaTeX : A Documentation Preparation System User's Guide and Reference Manual},
    publisher = {Addison-Wesley Professional},
    year = {1994},
    author = {Leslie Lamport}
}

@online{luckyPatcherOfficial,
    author = {ChelphuS},
    title = {crapler},
    url = {http://web.archive.org/web/20080207010024/http://www.808multimedia.com/winnt/kernel.htm},
    urldate = {2016-01-09}
}

@incollection{packerProblemSolution,
    year={2008},
    isbn={978-3-540-87402-7},
    booktitle={Recent Advances in Intrusion Detection},
    volume={5230},
    series={Lecture Notes in Computer Science},
    editor={Lippmann, Richard and Kirda, Engin and Trachtenberg, Ari},
    doi={10.1007/978-3-540-87403-4_6},
    title={A Study of the Packer Problem and Its Solutions},
    url={http://www.ecsl.cs.sunysb.edu/tr/TR237.pdf},
    publisher={Springer Berlin Heidelberg},
    author={Guo, Fanglu and Ferrie, Peter and Chiueh, Tzi-cker},
    pages={98-115},
    language={English}
}
@techreport{schulzCodeProtection,
     title = {Code Protection in Android},
     author = {Patrick Schulz},
     year = {2012},
     institution = {Friedrich-Wilhelms-Universit√§t Bonn, Institute of Computer Science},
     month = {07},
}

@online{developerAndroiddexFile,
    author = {Android Developers},
    title = {DexFile},
    url = {http://developer.android.com/reference/javax/crypto/Cipher.html},
    urldate = {2016-01-09}
}
